% Encoding: UTF-8
@misc{russakovsky2015imagenet,
      title={ImageNet Large Scale Visual Recognition Challenge}, 
      author={Olga Russakovsky and Jia Deng and Hao Su and Jonathan Krause and Sanjeev Satheesh and Sean Ma and Zhiheng Huang and Andrej Karpathy and Aditya Khosla and Michael Bernstein and Alexander C. Berg and Li Fei-Fei},
      year={2015},
      eprint={1409.0575},
      archivePrefix={arXiv},
      primaryClass={cs.CV}
}
@misc{he2015deep,
      title={Deep Residual Learning for Image Recognition}, 
      author={Kaiming He and Xiangyu Zhang and Shaoqing Ren and Jian Sun},
      year={2015},
      eprint={1512.03385},
      archivePrefix={arXiv},
      primaryClass={cs.CV}
}
@misc{simonyan2015deep,
      title={Very Deep Convolutional Networks for Large-Scale Image Recognition}, 
      author={Karen Simonyan and Andrew Zisserman},
      year={2015},
      eprint={1409.1556},
      archivePrefix={arXiv},
      primaryClass={cs.CV}
}
@article{cheng2023survey,
  title={A Survey on Deep Neural Network Pruning:Taxonomy, Comparison, Analysis, and Recommendations},
  author={Hongrong Cheng and Miao Zhang and Javen Qinfeng Shi},
  journal={arXiv preprint arXiv:2308.06767},
  year={2023}
}
@article{he2024structured,
  author={He, Yang and Xiao, Lingao},
  journal={IEEE Transactions on Pattern Analysis and Machine Intelligence}, 
  title={Structured Pruning for Deep Convolutional Neural Networks: A Survey}, 
  year={2024},
  volume={46},
  number={5},
  pages={2900-2919},
  doi={10.1109/TPAMI.2023.3334614}}
@article{Choudhary2020ACS,
  title={A comprehensive survey on model compression and acceleration},
  author={Tejalal Choudhary and Vipul Kumar Mishra and Anurag Goswami and Sarangapani Jagannathan},
  journal={Artificial Intelligence Review},
  year={2020},
  volume={53},
  pages={5113 - 5155},
  url={https://api.semanticscholar.org/CorpusID:211062209}
}
@Comment{jabref-meta: databaseType:bibtex;}
